@inproceedings {288689,
author = {Kenichi Yasukata and Hajime Tazaki and Pierre-Louis Aublin and Kenta Ishiguro},
title = {zpoline: a system call hook mechanism based on binary rewriting},
booktitle = {2023 USENIX Annual Technical Conference (USENIX ATC 23)},
year = {2023},
isbn = {978-1-939133-35-9},
address = {Boston, MA},
pages = {293--300},
url = {https://www.usenix.org/conference/atc23/presentation/yasukata},
publisher = {USENIX Association},
month = jul
}

@inproceedings{tatebe2022chfs,
  title={Chfs: Parallel consistent hashing file system for node-local persistent memory},
  author={Tatebe, Osamu and Obata, Kazuki and Hiraga, Kohei and Ohtsuji, Hiroki},
  booktitle={International Conference on High Performance Computing in Asia-Pacific Region},
  pages={115--124},
  year={2022}
}

@INPROCEEDINGS{8514892,
  author={Vef, Marc-André and Moti, Nafiseh and Süß, Tim and Tocci, Tommaso and Nou, Ramon and Miranda, Alberto and Cortes, Toni and Brinkmann, André},
  booktitle={2018 IEEE International Conference on Cluster Computing (CLUSTER)}, 
  title={GekkoFS - A Temporary Distributed File System for HPC Applications}, 
  year={2018},
  volume={},
  number={},
  pages={319-324},
  keywords={Metadata;Systems operation;Libraries;Servers;Semantics;Throughput;Data structures;Distributed File Systems;HPC;Burst Buffers},
  doi={10.1109/CLUSTER.2018.00049}}

@INPROCEEDINGS{10177390,
  author={Brim, Michael J. and Moody, Adam T. and Lim, Seung-Hwan and Miller, Ross and Boehm, Swen and Stanavige, Cameron and Mohror, Kathryn M. and Oral, Sarp},
  booktitle={2023 IEEE International Parallel and Distributed Processing Symposium (IPDPS)}, 
  title={UnifyFS: A User-level Shared File System for Unified Access to Distributed Local Storage}, 
  year={2023},
  volume={},
  number={},
  pages={290-300},
  keywords={Performance evaluation;Distributed processing;Codes;File systems;High performance computing;Aggregates;Semantics;Distributed file systems;Parallel I/O;Parallel systems;Storage hierarchies;Storage devices},
  doi={10.1109/IPDPS54959.2023.00037}}

@misc{gotcha,
  author={LLNL},
  title={Gotcha},
  howpublished={\url{https://github.com/LLNL/GOTCHA}},
}

@misc{syscall-intercept,
  author={Pmem},
  title={Syscall\_intercept},
  howpublished={\url{https://github.com/pmem/syscall_intercept}},
}

@article{balmau2022characterizing,
  title={Characterizing I/O in machine learning with mlperf storage},
  author={Balmau, Oana},
  journal={ACM SIGMOD Record},
  volume={51},
  number={3},
  pages={47--48},
  year={2022},
  publisher={ACM New York, NY, USA}
}

@article{brinkmann2020ad,
  title={Ad hoc file systems for high-performance computing},
  author={Brinkmann, Andr{\'e} and Mohror, Kathryn and Yu, Weikuan and Carns, Philip and Cortes, Toni and Klasky, Scott A and Miranda, Alberto and Pfreundt, Franz-Josef and Ross, Robert B and Vef, Marc-Andr{\'e}},
  journal={Journal of Computer Science and Technology},
  volume={35},
  pages={4--26},
  year={2020},
  publisher={Springer}
}